%YAML 1.1
%TAG !u! tag:unity3d.com,2011:
--- !u!1 &8463866801911830420
GameObject:
  m_ObjectHideFlags: 0
  m_CorrespondingSourceObject: {fileID: 0}
  m_PrefabInstance: {fileID: 0}
  m_PrefabAsset: {fileID: 0}
  serializedVersion: 6
  m_Component:
  - component: {fileID: 8463866801911563310}
  - component: {fileID: 4780774683301333872}
  - component: {fileID: 5952538307635686643}
  m_Layer: 0
  m_Name: bucket (yellow)
  m_TagString: Untagged
  m_Icon: {fileID: 0}
  m_NavMeshLayer: 0
  m_StaticEditorFlags: 0
  m_IsActive: 1
--- !u!4 &8463866801911563310
Transform:
  m_ObjectHideFlags: 0
  m_CorrespondingSourceObject: {fileID: 0}
  m_PrefabInstance: {fileID: 0}
  m_PrefabAsset: {fileID: 0}
  m_GameObject: {fileID: 8463866801911830420}
  m_LocalRotation: {x: 0, y: -0.58894265, z: 0, w: 0.8081749}
  m_LocalPosition: {x: 1.1394596, y: 0.674, z: 0.81945944}
  m_LocalScale: {x: 1, y: 1, z: 1}
  m_Children:
  - {fileID: 8463866801911599738}
  - {fileID: 2483252879201073986}
  m_Father: {fileID: 0}
  m_RootOrder: 0
  m_LocalEulerAnglesHint: {x: 0, y: 0, z: 0}
--- !u!114 &4780774683301333872
MonoBehaviour:
  m_ObjectHideFlags: 0
  m_CorrespondingSourceObject: {fileID: 0}
  m_PrefabInstance: {fileID: 0}
  m_PrefabAsset: {fileID: 0}
  m_GameObject: {fileID: 8463866801911830420}
  m_Enabled: 1
  m_EditorHideFlags: 0
  m_Script: {fileID: 11500000, guid: a3c8d340b80676240a80dfd5df2ad124, type: 3}
  m_Name: 
  m_EditorClassIdentifier: 
  mashObj: {fileID: 8463866801911886948}
  effectObj: {fileID: 2477848971963439256}
  clip: {fileID: 8300000, guid: 69b811aa403bc0245a1db78441041da3, type: 3}
--- !u!54 &5952538307635686643
Rigidbody:
  m_ObjectHideFlags: 0
  m_CorrespondingSourceObject: {fileID: 0}
  m_PrefabInstance: {fileID: 0}
  m_PrefabAsset: {fileID: 0}
  m_GameObject: {fileID: 8463866801911830420}
  serializedVersion: 2
  m_Mass: 1
  m_Drag: 0
  m_AngularDrag: 0.05
  m_UseGravity: 0
  m_IsKinematic: 0
  m_Interpolate: 0
  m_Constraints: 0
  m_CollisionDetection: 0
--- !u!1 &8463866801911886948
GameObject:
  m_ObjectHideFlags: 0
  m_CorrespondingSourceObject: {fileID: 0}
  m_PrefabInstance: {fileID: 0}
  m_PrefabAsset: {fileID: 0}
  serializedVersion: 6
  m_Component:
  - component: {fileID: 8463866801911599738}
  - component: {fileID: 8463866801910790212}
  - component: {fileID: 8463866801909723680}
  - component: {fileID: 655027631726766257}
  m_Layer: 0
  m_Name: Mesh
  m_TagString: Untagged
  m_Icon: {fileID: 0}
  m_NavMeshLayer: 0
  m_StaticEditorFlags: 0
  m_IsActive: 1
--- !u!4 &8463866801911599738
Transform:
  m_ObjectHideFlags: 0
  m_CorrespondingSourceObject: {fileID: 0}
  m_PrefabInstance: {fileID: 0}
  m_PrefabAsset: {fileID: 0}
  m_GameObject: {fileID: 8463866801911886948}
  m_LocalRotation: {x: 0, y: 0, z: 0, w: 1}
  m_LocalPosition: {x: 0, y: 0, z: 0}
  m_LocalScale: {x: 1, y: 1, z: 1}
  m_Children: []
  m_Father: {fileID: 8463866801911563310}
  m_RootOrder: 0
  m_LocalEulerAnglesHint: {x: 0, y: 0, z: 0}
--- !u!33 &8463866801910790212
MeshFilter:
  m_ObjectHideFlags: 0
  m_CorrespondingSourceObject: {fileID: 0}
  m_PrefabInstance: {fileID: 0}
  m_PrefabAsset: {fileID: 0}
  m_GameObject: {fileID: 8463866801911886948}
  m_Mesh: {fileID: 4300000, guid: 43b8d0ef43c4a8d42ab6baf1ee711a92, type: 3}
--- !u!23 &8463866801909723680
MeshRenderer:
  m_ObjectHideFlags: 0
  m_CorrespondingSourceObject: {fileID: 0}
  m_PrefabInstance: {fileID: 0}
  m_PrefabAsset: {fileID: 0}
  m_GameObject: {fileID: 8463866801911886948}
  m_Enabled: 1
  m_CastShadows: 1
  m_ReceiveShadows: 1
  m_DynamicOccludee: 1
  m_StaticShadowCaster: 0
  m_MotionVectors: 1
  m_LightProbeUsage: 1
  m_ReflectionProbeUsage: 1
  m_RayTracingMode: 2
  m_RayTraceProcedural: 0
  m_RenderingLayerMask: 1
  m_RendererPriority: 0
  m_Materials:
  - {fileID: 2100000, guid: 72a7d17e6268bb141ba1e67bd9e48db8, type: 2}
  m_StaticBatchInfo:
    firstSubMesh: 0
    subMeshCount: 0
  m_StaticBatchRoot: {fileID: 0}
  m_ProbeAnchor: {fileID: 0}
  m_LightProbeVolumeOverride: {fileID: 0}
  m_ScaleInLightmap: 1
  m_ReceiveGI: 1
  m_PreserveUVs: 0
  m_IgnoreNormalsForChartDetection: 0
  m_ImportantGI: 0
  m_StitchLightmapSeams: 1
  m_SelectedEditorRenderState: 3
  m_MinimumChartSize: 4
  m_AutoUVMaxDistance: 0.5
  m_AutoUVMaxAngle: 89
  m_LightmapParameters: {fileID: 0}
  m_SortingLayerID: 0
  m_SortingLayer: 0
  m_SortingOrder: 0
  m_AdditionalVertexStreams: {fileID: 0}
--- !u!136 &655027631726766257
CapsuleCollider:
  m_ObjectHideFlags: 0
  m_CorrespondingSourceObject: {fileID: 0}
  m_PrefabInstance: {fileID: 0}
  m_PrefabAsset: {fileID: 0}
  m_GameObject: {fileID: 8463866801911886948}
  m_Material: {fileID: 0}
  m_IsTrigger: 1
  m_Enabled: 1
  m_Radius: 0.91750014
  m_Height: 2.5
  m_Direction: 1
  m_Center: {x: 0, y: 1.25, z: 0}
--- !u!1001 &2478969907048853684
PrefabInstance:
  m_ObjectHideFlags: 0
  serializedVersion: 2
  m_Modification:
    m_TransformParent: {fileID: 8463866801911563310}
    m_Modifications:
    - target: {fileID: 1134129239631916, guid: 7e48ba6b1b968764490bbc70b66e3fe1, type: 3}
      propertyPath: m_IsActive
      value: 0
      objectReference: {fileID: 0}
    - target: {fileID: 4882558394911734, guid: 7e48ba6b1b968764490bbc70b66e3fe1, type: 3}
      propertyPath: m_RootOrder
      value: 1
      objectReference: {fileID: 0}
    - target: {fileID: 4882558394911734, guid: 7e48ba6b1b968764490bbc70b66e3fe1, type: 3}
      propertyPath: m_LocalScale.x
      value: 2.3393006
      objectReference: {fileID: 0}
    - target: {fileID: 4882558394911734, guid: 7e48ba6b1b968764490bbc70b66e3fe1, type: 3}
      propertyPath: m_LocalScale.y
      value: 2.2775
      objectReference: {fileID: 0}
    - target: {fileID: 4882558394911734, guid: 7e48ba6b1b968764490bbc70b66e3fe1, type: 3}
      propertyPath: m_LocalScale.z
      value: 2.21888
      objectReference: {fileID: 0}
    - target: {fileID: 4882558394911734, guid: 7e48ba6b1b968764490bbc70b66e3fe1, type: 3}
      propertyPath: m_LocalPosition.x
      value: 0
      objectReference: {fileID: 0}
    - target: {fileID: 4882558394911734, guid: 7e48ba6b1b968764490bbc70b66e3fe1, type: 3}
      propertyPath: m_LocalPosition.y
      value: 1
      objectReference: {fileID: 0}
    - target: {fileID: 4882558394911734, guid: 7e48ba6b1b968764490bbc70b66e3fe1, type: 3}
      propertyPath: m_LocalPosition.z
      value: 0
      objectReference: {fileID: 0}
    - target: {fileID: 4882558394911734, guid: 7e48ba6b1b968764490bbc70b66e3fe1, type: 3}
      propertyPath: m_LocalRotation.w
      value: 0.8081749
      objectReference: {fileID: 0}
    - target: {fileID: 4882558394911734, guid: 7e48ba6b1b968764490bbc70b66e3fe1, type: 3}
      propertyPath: m_LocalRotation.x
      value: -0
      objectReference: {fileID: 0}
    - target: {fileID: 4882558394911734, guid: 7e48ba6b1b968764490bbc70b66e3fe1, type: 3}
      propertyPath: m_LocalRotation.y
      value: 0.58894265
      objectReference: {fileID: 0}
    - target: {fileID: 4882558394911734, guid: 7e48ba6b1b968764490bbc70b66e3fe1, type: 3}
      propertyPath: m_LocalRotation.z
      value: -0
      objectReference: {fileID: 0}
    - target: {fileID: 199028399385819452, guid: 7e48ba6b1b968764490bbc70b66e3fe1, type: 3}
      propertyPath: m_Materials.Array.size
      value: 1
      objectReference: {fileID: 0}
    - target: {fileID: 199299744803564144, guid: 7e48ba6b1b968764490bbc70b66e3fe1, type: 3}
      propertyPath: m_Materials.Array.size
      value: 1
      objectReference: {fileID: 0}
    - target: {fileID: 199543602475296610, guid: 7e48ba6b1b968764490bbc70b66e3fe1, type: 3}
      propertyPath: m_Materials.Array.size
      value: 1
      objectReference: {fileID: 0}
    - target: {fileID: 199552853782692164, guid: 7e48ba6b1b968764490bbc70b66e3fe1, type: 3}
      propertyPath: m_Materials.Array.size
      value: 1
      objectReference: {fileID: 0}
    - target: {fileID: 199656329455034806, guid: 7e48ba6b1b968764490bbc70b66e3fe1, type: 3}
      propertyPath: m_Materials.Array.size
      value: 1
      objectReference: {fileID: 0}
    - target: {fileID: 199776920938144870, guid: 7e48ba6b1b968764490bbc70b66e3fe1, type: 3}
      propertyPath: m_Materials.Array.size
      value: 1
      objectReference: {fileID: 0}
    - target: {fileID: 199998227980983536, guid: 7e48ba6b1b968764490bbc70b66e3fe1, type: 3}
      propertyPath: m_Materials.Array.size
      value: 1
      objectReference: {fileID: 0}
    m_RemovedComponents: []
  m_SourcePrefab: {fileID: 100100000, guid: 7e48ba6b1b968764490bbc70b66e3fe1, type: 3}
--- !u!1 &2477848971963439256 stripped
GameObject:
  m_CorrespondingSourceObject: {fileID: 1134129239631916, guid: 7e48ba6b1b968764490bbc70b66e3fe1, type: 3}
  m_PrefabInstance: {fileID: 2478969907048853684}
  m_PrefabAsset: {fileID: 0}
--- !u!4 &2483252879201073986 stripped
Transform:
  m_CorrespondingSourceObject: {fileID: 4882558394911734, guid: 7e48ba6b1b968764490bbc70b66e3fe1, type: 3}
  m_PrefabInstance: {fileID: 2478969907048853684}
  m_PrefabAsset: {fileID: 0}
